@inproceedings{DBLP:conf/coordination/DominiCAV23,
  author       = {Davide Domini and
                  Filippo Cavallari and
                  Gianluca Aguzzi and
                  Mirko Viroli},
  editor       = {Sung{-}Shik Jongmans and
                  Ant{\'{o}}nia Lopes},
  title        = {ScaRLib: {A} Framework for Cooperative Many Agent Deep Reinforcement
                  Learning in Scala},
  booktitle    = {Coordination Models and Languages - 25th {IFIP} {WG} 6.1 International
                  Conference, {COORDINATION} 2023, Held as Part of the 18th International
                  Federated Conference on Distributed Computing Techniques, DisCoTec
                  2023, Lisbon, Portugal, June 19-23, 2023, Proceedings},
  series       = {Lecture Notes in Computer Science},
  volume       = {13908},
  pages        = {52--70},
  publisher    = {Springer},
  year         = {2023},
  url          = {https://doi.org/10.1007/978-3-031-35361-1\_3},
  doi          = {10.1007/978-3-031-35361-1\_3},
  timestamp    = {Fri, 07 Jul 2023 23:30:43 +0200},
  biburl       = {https://dblp.org/rec/conf/coordination/DominiCAV23.bib},
  bibsource    = {dblp computer science bibliography, https://dblp.org}
}

@article{DBLP:journals/scp/DominiCAV24,
  author       = {Davide Domini and
                  Filippo Cavallari and
                  Gianluca Aguzzi and
                  Mirko Viroli},
  title        = {ScaRLib: Towards a hybrid toolchain for aggregate computing and many-agent
                  reinforcement learning},
  journal      = {Sci. Comput. Program.},
  volume       = {238},
  pages        = {103176},
  year         = {2024},
  url          = {https://doi.org/10.1016/j.scico.2024.103176},
  doi          = {10.1016/J.SCICO.2024.103176},
  timestamp    = {Thu, 22 Aug 2024 20:25:27 +0200},
  biburl       = {https://dblp.org/rec/journals/scp/DominiCAV24.bib},
  bibsource    = {dblp computer science bibliography, https://dblp.org}
}

@inproceedings{DBLP:conf/woa/DominiFAV24,
  author       = {Davide Domini and
                  Nicolas Farabegoli and
                  Gianluca Aguzzi and
                  Mirko Viroli},
  editor       = {Marco Alderighi and
                  Matteo Baldoni and
                  Cristina Baroglio and
                  Roberto Micalizio and
                  Stefano Tedeschi},
  title        = {Towards Intelligent Pulverized Systems: a Modern Approach for Edge-Cloud
                  Services},
  booktitle    = {Proceedings of the 25th Workshop "From Objects to Agents", Bard (Aosta),
                  Italy, July 8-10, 2024},
  series       = {{CEUR} Workshop Proceedings},
  volume       = {3735},
  pages        = {233--251},
  publisher    = {CEUR-WS.org},
  year         = {2024},
  url          = {https://ceur-ws.org/Vol-3735/paper\_19.pdf},
  timestamp    = {Fri, 26 Jul 2024 22:35:03 +0200},
  biburl       = {https://dblp.org/rec/conf/woa/DominiFAV24.bib},
  bibsource    = {dblp computer science bibliography, https://dblp.org}
}

@inproceedings{DBLP:conf/coordination/DominiAEV24,
  author       = {Davide Domini and
                  Gianluca Aguzzi and
                  Lukas Esterle and
                  Mirko Viroli},
  editor       = {Ilaria Castellani and
                  Francesco Tiezzi},
  title        = {Field-Based Coordination for Federated Learning},
  booktitle    = {Coordination Models and Languages - 26th {IFIP} {WG} 6.1 International
                  Conference, {COORDINATION} 2024, Held as Part of the 19th International
                  Federated Conference on Distributed Computing Techniques, DisCoTec
                  2024, Groningen, The Netherlands, June 17-21, 2024, Proceedings},
  series       = {Lecture Notes in Computer Science},
  volume       = {14676},
  pages        = {56--74},
  publisher    = {Springer},
  year         = {2024},
  url          = {https://doi.org/10.1007/978-3-031-62697-5\_4},
  doi          = {10.1007/978-3-031-62697-5\_4},
  timestamp    = {Fri, 19 Jul 2024 23:15:44 +0200},
  biburl       = {https://dblp.org/rec/conf/coordination/DominiAEV24.bib},
  bibsource    = {dblp computer science bibliography, https://dblp.org}
}

@INPROCEEDINGS{10771268,
  author={Domini, Davide and Aguzzi, Gianluca and Farabegoli, Nicolas and Viroli, Mirko and Esterle, Lukas},
  booktitle={2024 IEEE International Conference on Autonomic Computing and Self-Organizing Systems (ACSOS)}, 
  title={Proximity-based Self-Federated Learning}, 
  year={2024},
  volume={},
  number={},
  pages={139-144},
  keywords={Training;Learning systems;Adaptation models;Privacy;Federated learning;Computational modeling;Distributed databases;Data models;Servers;Edge computing;Self-organising systems;federated learning;distributed machine learning;space-fluid computing},
  doi={10.1109/ACSOS61780.2024.00033}}

@INPROCEEDINGS{10766078,
  author={Domini, Davide},
  booktitle={2024 IEEE International Conference on Autonomic Computing and Self-Organizing Systems Companion (ACSOS-C)}, 
  title={Towards Self-Adaptive Cooperative Learning in Collective Systems}, 
  year={2024},
  volume={},
  number={},
  pages={158-160},
  keywords={Learning systems;Adaptive learning;Adaptive systems;Federated learning;Scalability;Aggregates;Computer architecture;Security;Distributed computing;Collective Systems;Federated Learning;Personalization;Aggregate Computing},
  doi={10.1109/ACSOS-C63493.2024.00049}}

@article{DBLP:journals/computer/Abowd16,
  author       = {Gregory D. Abowd},
  title        = {Beyond Weiser: From Ubiquitous to Collective Computing},
  journal      = {Computer},
  volume       = {49},
  number       = {1},
  pages        = {17--23},
  year         = {2016},
  url          = {https://doi.org/10.1109/MC.2016.22},
  doi          = {10.1109/MC.2016.22},
  timestamp    = {Wed, 12 Aug 2020 10:32:21 +0200},
  biburl       = {https://dblp.org/rec/journals/computer/Abowd16.bib},
  bibsource    = {dblp computer science bibliography, https://dblp.org}
}

@article{DBLP:journals/sttt/WirsingJN23,
  author       = {Martin Wirsing and
                  Stefan J{\"{a}}hnichen and
                  Rocco De Nicola},
  title        = {Rigorous engineering of collective adaptive systems - 2nd special
                  section},
  journal      = {Int. J. Softw. Tools Technol. Transf.},
  volume       = {25},
  number       = {5},
  pages        = {617--624},
  year         = {2023},
  url          = {https://doi.org/10.1007/s10009-023-00734-x},
  doi          = {10.1007/S10009-023-00734-X},
  timestamp    = {Sat, 08 Jun 2024 13:16:16 +0200},
  biburl       = {https://dblp.org/rec/journals/sttt/WirsingJN23.bib},
  bibsource    = {dblp computer science bibliography, https://dblp.org}
}

@phdthesis{robyphdthesis,
  author = {Roberto Casadei},
  school = {alma},
  title = {Engineering Self-Adaptive Collective Processes for Cyber-Physical Ecosystems},
  year = {2020},
  month = {Aprile},
  keywords = {computational collective intelligence; collective processes; multi-agent systems; cyber-physical systems; self-adaptive systems; self-organisation; coordination; distributed computing; programming languages; situated systems; space-time programming; aggregate computing; edge computing},
  url = {http://amsdottorato.unibo.it/9380/}
}

@inproceedings{DBLP:conf/metacognition/Mitchell05,
  author       = {Melanie Mitchell},
  editor       = {Mike Anderson and
                  Tim Oates},
  title        = {Self-awareness and control in decentralized systems},
  booktitle    = {2005 {AAAI} Spring Symposium on Metacognition in Computation, March
                  21-23 2005, Stanford, California, {USA}},
  series       = {{AAAI} Technical Report},
  volume       = {{SS-05-04}},
  pages        = {80--85},
  publisher    = {{AAAI} Press},
  year         = {2005},
  timestamp    = {Sun, 16 Oct 2022 14:19:57 +0200},
  biburl       = {https://dblp.org/rec/conf/metacognition/Mitchell05.bib},
  bibsource    = {dblp computer science bibliography, https://dblp.org}
}

@article{DBLP:journals/tits/ChuWCL20,
  author       = {Tianshu Chu and
                  Jie Wang and
                  Lara Codec{\`{a}} and
                  Zhaojian Li},
  title        = {Multi-Agent Deep Reinforcement Learning for Large-Scale Traffic Signal
                  Control},
  journal      = {{IEEE} Trans. Intell. Transp. Syst.},
  volume       = {21},
  number       = {3},
  pages        = {1086--1095},
  year         = {2020},
  url          = {https://doi.org/10.1109/TITS.2019.2901791},
  doi          = {10.1109/TITS.2019.2901791},
  timestamp    = {Wed, 05 Aug 2020 13:47:36 +0200},
  biburl       = {https://dblp.org/rec/journals/tits/ChuWCL20.bib},
  bibsource    = {dblp computer science bibliography, https://dblp.org}
}

@incollection{DBLP:books/sp/Muller2011/ProthmannTBHMS11,
  author       = {Holger Prothmann and
                  Sven Tomforde and
                  J{\"{u}}rgen Branke and
                  J{\"{o}}rg H{\"{a}}hner and
                  Christian M{\"{u}}ller{-}Schloer and
                  Hartmut Schmeck},
  editor       = {Christian M{\"{u}}ller{-}Schloer and
                  Hartmut Schmeck and
                  Theo Ungerer},
  title        = {Organic Traffic Control},
  booktitle    = {Organic Computing - {A} Paradigm Shift for Complex Systems},
  pages        = {431--446},
  publisher    = {Springer},
  year         = {2011},
  url          = {https://doi.org/10.1007/978-3-0348-0130-0\_28},
  doi          = {10.1007/978-3-0348-0130-0\_28},
  timestamp    = {Tue, 16 May 2017 14:01:45 +0200},
  biburl       = {https://dblp.org/rec/books/sp/Muller2011/ProthmannTBHMS11.bib},
  bibsource    = {dblp computer science bibliography, https://dblp.org}
}

@article{DBLP:journals/corr/BojarskiTDFFGJM16,
  author       = {Mariusz Bojarski and
                  Davide Del Testa and
                  Daniel Dworakowski and
                  Bernhard Firner and
                  Beat Flepp and
                  Prasoon Goyal and
                  Lawrence D. Jackel and
                  Mathew Monfort and
                  Urs Muller and
                  Jiakai Zhang and
                  Xin Zhang and
                  Jake Zhao and
                  Karol Zieba},
  title        = {End to End Learning for Self-Driving Cars},
  journal      = {CoRR},
  volume       = {abs/1604.07316},
  year         = {2016},
  url          = {http://arxiv.org/abs/1604.07316},
  eprinttype    = {arXiv},
  eprint       = {1604.07316},
  timestamp    = {Mon, 13 Aug 2018 16:47:06 +0200},
  biburl       = {https://dblp.org/rec/journals/corr/BojarskiTDFFGJM16.bib},
  bibsource    = {dblp computer science bibliography, https://dblp.org}
}

@article{DBLP:journals/ijon/ZhouLLXS21,
  author       = {Wenhong Zhou and
                  Zhihong Liu and
                  Jie Li and
                  Xin Xu and
                  Lincheng Shen},
  title        = {Multi-target tracking for unmanned aerial vehicle swarms using deep
                  reinforcement learning},
  journal      = {Neurocomputing},
  volume       = {466},
  pages        = {285--297},
  year         = {2021},
  url          = {https://doi.org/10.1016/j.neucom.2021.09.044},
  doi          = {10.1016/J.NEUCOM.2021.09.044},
  timestamp    = {Fri, 09 Feb 2024 09:53:33 +0100},
  biburl       = {https://dblp.org/rec/journals/ijon/ZhouLLXS21.bib},
  bibsource    = {dblp computer science bibliography, https://dblp.org}
}

@inproceedings{DBLP:conf/acsos/AguzziVE23,
  author       = {Gianluca Aguzzi and
                  Mirko Viroli and
                  Lukas Esterle},
  title        = {Field-informed Reinforcement Learning of Collective Tasks with Graph
                  Neural Networks},
  booktitle    = {{IEEE} International Conference on Autonomic Computing and Self-Organizing
                  Systems, {ACSOS} 2023, Toronto, ON, Canada, September 25-29, 2023},
  pages        = {37--46},
  publisher    = {{IEEE}},
  year         = {2023},
  url          = {https://doi.org/10.1109/ACSOS58161.2023.00021},
  doi          = {10.1109/ACSOS58161.2023.00021},
  timestamp    = {Wed, 13 Dec 2023 14:38:49 +0100},
  biburl       = {https://dblp.org/rec/conf/acsos/AguzziVE23.bib},
  bibsource    = {dblp computer science bibliography, https://dblp.org}
}

@inproceedings{DBLP:conf/icse/IftikharRBW017,
  author       = {Muhammad Usman Iftikhar and
                  Gowri Sankar Ramachandran and
                  Pablo Bollans{\'{e}}e and
                  Danny Weyns and
                  Danny Hughes},
  title        = {DeltaIoT: {A} Self-Adaptive Internet of Things Exemplar},
  booktitle    = {12th {IEEE/ACM} International Symposium on Software Engineering for
                  Adaptive and Self-Managing Systems, SEAMS@ICSE 2017, Buenos Aires,
                  Argentina, May 22-23, 2017},
  pages        = {76--82},
  publisher    = {{IEEE} Computer Society},
  year         = {2017},
  url          = {https://doi.org/10.1109/SEAMS.2017.21},
  doi          = {10.1109/SEAMS.2017.21},
  timestamp    = {Thu, 14 Oct 2021 10:18:24 +0200},
  biburl       = {https://dblp.org/rec/conf/icse/IftikharRBW017.bib},
  bibsource    = {dblp computer science bibliography, https://dblp.org}
}

@inproceedings{DBLP:conf/coordination/CasadeiPVN19,
  author       = {Roberto Casadei and
                  Danilo Pianini and
                  Mirko Viroli and
                  Antonio Natali},
  editor       = {Hanne Riis Nielson and
                  Emilio Tuosto},
  title        = {Self-organising Coordination Regions: {A} Pattern for Edge Computing},
  booktitle    = {Coordination Models and Languages - 21st {IFIP} {WG} 6.1 International
                  Conference, {COORDINATION} 2019, Held as Part of the 14th International
                  Federated Conference on Distributed Computing Techniques, DisCoTec
                  2019, Kongens Lyngby, Denmark, June 17-21, 2019, Proceedings},
  series       = {Lecture Notes in Computer Science},
  volume       = {11533},
  pages        = {182--199},
  publisher    = {Springer},
  year         = {2019},
  url          = {https://doi.org/10.1007/978-3-030-22397-7\_11},
  doi          = {10.1007/978-3-030-22397-7\_11},
  timestamp    = {Sun, 19 Jan 2025 13:15:30 +0100},
  biburl       = {https://dblp.org/rec/conf/coordination/CasadeiPVN19.bib},
  bibsource    = {dblp computer science bibliography, https://dblp.org}
}

@article{DBLP:journals/swarm/PrasetyoMF19,
  author       = {Judhi Prasetyo and
                  Giulia De Masi and
                  Eliseo Ferrante},
  title        = {Collective decision making in dynamic environments},
  journal      = {Swarm Intell.},
  volume       = {13},
  number       = {3-4},
  pages        = {217--243},
  year         = {2019},
  url          = {https://doi.org/10.1007/s11721-019-00169-8},
  doi          = {10.1007/S11721-019-00169-8},
  timestamp    = {Mon, 26 Oct 2020 08:26:24 +0100},
  biburl       = {https://dblp.org/rec/journals/swarm/PrasetyoMF19.bib},
  bibsource    = {dblp computer science bibliography, https://dblp.org}
}

@inproceedings{DBLP:conf/uai/HeDB22,
  author       = {Keyang He and
                  Prashant Doshi and
                  Bikramjit Banerjee},
  editor       = {James Cussens and
                  Kun Zhang},
  title        = {Reinforcement learning in many-agent settings under partial observability},
  booktitle    = {Uncertainty in Artificial Intelligence, Proceedings of the Thirty-Eighth
                  Conference on Uncertainty in Artificial Intelligence, {UAI} 2022,
                  1-5 August 2022, Eindhoven, The Netherlands},
  series       = {Proceedings of Machine Learning Research},
  volume       = {180},
  pages        = {780--789},
  publisher    = {{PMLR}},
  year         = {2022},
  url          = {https://proceedings.mlr.press/v180/he22a.html},
  timestamp    = {Sat, 15 Oct 2022 12:08:13 +0200},
  biburl       = {https://dblp.org/rec/conf/uai/HeDB22.bib},
  bibsource    = {dblp computer science bibliography, https://dblp.org}
}

@misc{GDPR,
title = {Regulation (EU) 2016/679 of the European Parliament and of the Council of 27 April 2016 on the protection of natural persons with regard to the processing of personal data and on the free movement of such data, and repealing Directive 95/46/EC (General Data Protection Regulation) (Text with EEA relevance)},
number = {119},
year = {2016},
month = {May},
pages = {1-88}}

@article{DBLP:journals/ijon/ZhuXLJ21,
  author       = {Hangyu Zhu and
                  Jinjin Xu and
                  Shiqing Liu and
                  Yaochu Jin},
  title        = {Federated learning on non-IID data: {A} survey},
  journal      = {Neurocomputing},
  volume       = {465},
  pages        = {371--390},
  year         = {2021},
  url          = {https://doi.org/10.1016/j.neucom.2021.07.098},
  doi          = {10.1016/J.NEUCOM.2021.07.098},
  timestamp    = {Sun, 12 Nov 2023 02:17:43 +0100},
  biburl       = {https://dblp.org/rec/journals/ijon/ZhuXLJ21.bib},
  bibsource    = {dblp computer science bibliography, https://dblp.org}
}

@inproceedings{DBLP:conf/icde/LiDCH22,
  author       = {Qinbin Li and
                  Yiqun Diao and
                  Quan Chen and
                  Bingsheng He},
  title        = {Federated Learning on Non-IID Data Silos: An Experimental Study},
  booktitle    = {Proceedings of the International Conference on Data Engineering},
  pages        = {965--978},
  publisher    = {{IEEE}},
  year         = {2022},
  url          = {https://doi.org/10.1109/ICDE53745.2022.00077},
  doi          = {10.1109/ICDE53745.2022.00077},
  timestamp    = {Sun, 19 Mar 2023 20:50:16 +0100},
  biburl       = {https://dblp.org/rec/conf/icde/LiDCH22.bib},
  bibsource    = {dblp computer science bibliography, https://dblp.org}
}

@article{DBLP:journals/fgcs/MaZLCQ22,
  author       = {Xiaodong Ma and
                  Jia Zhu and
                  Zhihao Lin and
                  Shanxuan Chen and
                  Yangjie Qin},
  title        = {A state-of-the-art survey on solving non-IID data in Federated Learning},
  journal      = {Future Gener. Comput. Syst.},
  volume       = {135},
  pages        = {244--258},
  year         = {2022},
  url          = {https://doi.org/10.1016/j.future.2022.05.003},
  doi          = {10.1016/J.FUTURE.2022.05.003},
  timestamp    = {Wed, 15 Nov 2023 14:10:22 +0100},
  biburl       = {https://dblp.org/rec/journals/fgcs/MaZLCQ22.bib},
  bibsource    = {dblp computer science bibliography, https://dblp.org}
}

@inproceedings{DBLP:conf/aaai/HuangCZWLPZ21,
  author       = {Yutao Huang and
                  Lingyang Chu and
                  Zirui Zhou and
                  Lanjun Wang and
                  Jiangchuan Liu and
                  Jian Pei and
                  Yong Zhang},
  title        = {Personalized Cross-Silo Federated Learning on Non-IID Data},
  booktitle    = {Thirty-Fifth {AAAI} Conference on Artificial Intelligence, {AAAI}
                  2021, Thirty-Third Conference on Innovative Applications of Artificial
                  Intelligence, {IAAI} 2021, The Eleventh Symposium on Educational Advances
                  in Artificial Intelligence, {EAAI} 2021, Virtual Event, February 2-9,
                  2021},
  pages        = {7865--7873},
  publisher    = {{AAAI} Press},
  year         = {2021},
  url          = {https://doi.org/10.1609/aaai.v35i9.16960},
  doi          = {10.1609/AAAI.V35I9.16960},
  timestamp    = {Mon, 04 Sep 2023 16:50:24 +0200},
  biburl       = {https://dblp.org/rec/conf/aaai/HuangCZWLPZ21.bib},
  bibsource    = {dblp computer science bibliography, https://dblp.org}
}